@article{beatcamn,
  title={BEAT: A Large-Scale Semantic and Emotional Multi-Modal Dataset for Conversational Gestures Synthesis},
  author={Liu, Haiyang and Zhu, Zihao and Iwamoto, Naoya and Peng, Yichen and Li, Zhengqing and Zhou, You and Bozkurt, Elif and Zheng, Bo},
  journal={arXiv preprint arXiv:2203.05297},
  year={2022}}

@article{rot6d,
  title={On the Continuity of Rotation Representations in Neural Networks}, 
  author={Yi Zhou and Connelly Barnes and Jingwan Lu and Jimei Yang and Hao Li},
  journal={arXiv preprint arXiv:1812.07035v4},
  year={2020},
}

@INPROCEEDINGS {body2hands,
author = { Ng, Evonne and Ginosar, Shiry and Darrell, Trevor and Joo, Hanbyul },
booktitle = { 2021 IEEE/CVF Conference on Computer Vision and Pattern Recognition (CVPR) },
title = {{ Body2Hands: Learning to Infer 3D Hands from Conversational Gesture Body Dynamics }},
year = {2021},
pages = {11860-11869},
doi = {10.1109/CVPR46437.2021.01169}
}

@inproceedings{behavior_expression_animation_toolkit,
author = {Cassell, Justine and Vilhj\'{a}lmsson, Hannes H\"{o}gni and Bickmore, Timothy},
title = {BEAT: the Behavior Expression Animation Toolkit},
year = {2001},
isbn = {158113374X},
url = {https://doi.org/10.1145/383259.383315},
doi = {10.1145/383259.383315},
booktitle = {Proceedings of the 28th Annual Conference on Computer Graphics and Interactive Techniques},
pages = {477–486},
numpages = {10},
series = {SIGGRAPH '01}
}

@inproceedings{robot_behavior_toolkit,
author = {Huang, Chien-Ming and Mutlu, Bilge},
title = {Robot behavior toolkit: generating effective social behaviors for robots},
year = {2012},
isbn = {9781450310635},
url = {https://doi.org/10.1145/2157689.2157694},
doi = {10.1145/2157689.2157694},
booktitle = {Proceedings of the Seventh Annual ACM/IEEE International Conference on Human-Robot Interaction},
pages = {25–32},
numpages = {8},
series = {HRI '12}
}

@inproceedings{gesture_generation_by_imitation,
  title={Gesture generation by imitation: from human behavior to computer character animation},
  author={Michael Kipp},
  year={2005},
  url={https://api.semanticscholar.org/CorpusID:26271318}
}

@article{gesture_and_speech_in_interaction,
author = {Wagner, Petra and Malisz, Zofia and Kopp, Stefan},
year = {2014},
month = {02},
pages = {209-232},
title = {Gesture and speech in interaction: An overview},
volume = {57},
journal = {Speech Communication},
doi = {10.1016/j.specom.2013.09.008}
}

@inproceedings{gan2021,
author = {Habibie, Ikhsanul and Xu, Weipeng and Mehta, Dushyant and Liu, Lingjie and Seidel, Hans-Peter and Pons-Moll, Gerard and Elgharib, Mohamed and Theobalt, Christian},
title = {Learning Speech-driven 3D Conversational Gestures from Video},
year = {2021},
isbn = {9781450386197},
url = {https://doi.org/10.1145/3472306.3478335},
doi = {10.1145/3472306.3478335},
booktitle = {Proceedings of the 21st ACM International Conference on Intelligent Virtual Agents},
pages = {101–108},
numpages = {8},
series = {IVA '21}
}

@article{emage,
    title={Emage: Towards unified holistic co-speech gesture generation via expressive masked audio gesture modeling},
    author={Liu, Haiyang and Zhu, Zihao and Becherini, Giorgio and Peng, Yichen and Su, Mingyang and Zhou, You and Zhe, Xuefei and Iwamoto, Naoya and Zheng, Bo and Black, Michael J.},
    journal={arXiv:2401.00374},
    year={2024}} 

@inproceedings{diffsheg,
  title     = {DiffSHEG: A Diffusion-Based Approach for Real-Time Speech-driven Holistic 3D Expression and Gesture Generation},
  author    = {Chen, Junming and Liu, Yunfei and Wang, Jianan and Zeng, Ailing and Li, Yu and Chen, Qifeng},
  booktitle = {CVPR},
  year      = {2024}
}

@article{mediapipefacemesh,
    title={Real-time facial surface geometry from monocular video on mobile gpus},
    journal={arXiv:1907.06724},
    author={Kartynnik, Yury and Ablavatski, Artsiom and Grishchenko, Ivan and Grundmann, Matthias},
    year={2019}} 


@webpage{ARKitDocumentation,
    organization = {Apple Developer},
    year = {2024},
    title = {ARKit in iOS - Tracking and Visualizing Faces},
    url = {https://developer.apple.com/documentation/arkit/arkit_in_ios/content_anchors/tracking_and_visualizing_faces}
}

@article{headposeestimationlandmark,
  author={Murphy-Chutorian, Erik and Trivedi, Mohan Manubhai},
  journal={IEEE Transactions on Pattern Analysis and Machine Intelligence}, 
  title={Head Pose Estimation in Computer Vision: A Survey}, 
  year={2009},
  volume={31},
  number={4},
  pages={607-626},
  doi={10.1109/TPAMI.2008.106}}

@ARTICLE{headposeestimationimage,
  author={Hempel, Thorsten and Abdelrahman, Ahmed A. and Al-Hamadi, Ayoub},
  journal={IEEE Transactions on Image Processing}, 
  title={Toward Robust and Unconstrained Full Range of Rotation Head Pose Estimation}, 
  year={2024},
  volume={33},
  number={},
  pages={2377-2387},
  doi={10.1109/TIP.2024.3378180}}

@article{speech_gesture_generation,
    title={Speech gesture generation from the TRIMODAL context of text, audio, and speaker identity},
    journal={arXiv:2009.02119},
    author={Yoon, Youngwoo and Cha, Bok and Lee, Joo-Haeng and Jang, Minsu and Lee, Jaeyeon and Kim, Jaehong and Lee, Geehyuk},
    year={2020}} 

@article{listen_denoise_action,
  title={Listen, Denoise, Action! Audio-Driven Motion Synthesis with Diffusion Models},
  author={Alexanderson, Simon and Nagy, Rajmund and Beskow, Jonas and Henter, Gustav Eje},
  year={2023},
  issue_date={August 2023},
  publisher={ACM},
  volume={42},
  number={4},
  doi={10.1145/3592458},
  journal={ACM Trans. Graph.},
  articleno={44},
  numpages={20},
  pages={44:1--44:20}
}

@inproceedings{tamingDiffgesture,
  title={Taming Diffusion Models for Audio-Driven Co-Speech Gesture Generation},
  author={Zhu, Lingting and Liu, Xian and Liu, Xuanyu and Qian, Rui and Liu, Ziwei and Yu, Lequan},
  booktitle={Proceedings of the IEEE/CVF Conference on Computer Vision and Pattern Recognition},
  pages={10544--10553},
  year={2023}
}

@inproceedings{diffstylegesture,
  title     = {DiffuseStyleGesture: Stylized Audio-Driven Co-Speech Gesture Generation with Diffusion Models},
  author    = {Yang, Sicheng and Wu, Zhiyong and Li, Minglei and Zhang, Zhensong and Hao, Lei and Bao, Weihong and Cheng, Ming and Xiao, Long},
  booktitle = {Proceedings of the Thirty-Second International Joint Conference on
               Artificial Intelligence, {IJCAI-23}},
  pages     = {5860--5868},
  year      = {2023},
  month     = {8},
  doi       = {10.24963/ijcai.2023/650},
  url       = {https://doi.org/10.24963/ijcai.2023/650},
}

@inproceedings{towards_realtime_co_speech_gesture_generation,
author = {Krome, Niklas and Kopp, Stefan},
title = {Towards Real-time Co-speech Gesture Generation in Online Interaction in Social XR},
year = {2023},
isbn = {9781450399944},
url = {https://doi.org/10.1145/3570945.3607315},
doi = {10.1145/3570945.3607315},
booktitle = {Proceedings of the 23rd ACM International Conference on Intelligent Virtual Agents},
articleno = {25},
numpages = {8},
location = {W\"{u}rzburg, Germany},
series = {IVA '23}
}

@inproceedings{realtime_gesture_animation_generation,
author = {Rebol, Manuel and G\"{u}tl, Christian and Pietroszek, Krzysztof},
title = {Real-time Gesture Animation Generation from Speech for Virtual Human Interaction},
year = {2021},
isbn = {9781450380959},
url = {https://doi.org/10.1145/3411763.3451554},
doi = {10.1145/3411763.3451554},
booktitle = {Extended Abstracts of the 2021 CHI Conference on Human Factors in Computing Systems},
articleno = {197},
numpages = {4},
keywords = {Animation, Gestures, NUI},
series = {CHI EA '21}
}

@article{ZeroEGGS2023,
author = {Ghorbani, Saeed and Ferstl, Ylva and Holden, Daniel and Troje, Nikolaus and Carbonneau, Marc-André},
year = {2023},
month = {02},
title = {ZeroEGGS: Zero‐shot Example‐based Gesture Generation from Speech},
volume = {42},
journal = {Computer Graphics Forum},
doi = {10.1111/cgf.14734}
}

@article{GANsINGesture2020,
title = {Adversarial gesture generation with realistic gesture phasing},
journal = {Computers \& Graphics},
volume = {89},
pages = {117-130},
year = {2020},
issn = {0097-8493},
doi = {https://doi.org/10.1016/j.cag.2020.04.007},
url = {https://www.sciencedirect.com/science/article/pii/S0097849320300455},
author = {Ylva Ferstl and Michael Neff and Rachel McDonnell},
keywords = {Gesture generation, Machine learning, Generative adversarial networks, Gesture segmentation, Virtual humans},
}

@inproceedings{gesturemaster2022,
author = {Zhou, Chi and Bian, Tengyue and Chen, Kang},
title = {GestureMaster: Graph-based Speech-driven Gesture Generation},
year = {2022},
isbn = {9781450393904},
url = {https://doi.org/10.1145/3536221.3558063},
doi = {10.1145/3536221.3558063},
booktitle = {Proceedings of the 2022 International Conference on Multimodal Interaction},
pages = {764–770},
numpages = {7},
series = {ICMI '22}
}

@inproceedings{
gesturemotiongraph2023,
title={Gesture Motion Graphs for Few-Shot Speech-Driven Gesture Reenactment},
author={Zeyu Zhao and Nan Gao and Zhi Zeng and Guixuan Zhang and Jie Liu and Shuwu Zhang},
booktitle={GENEA: Generation and Evaluation of Non-verbal Behaviour for Embodied Agents Challenge 2023},
year={2023},
url={https://openreview.net/forum?id=CMivR3x5fpC}
}

@inproceedings{diffusion-self-supervised2023,
author = {Deichler, Anna and Mehta, Shivam and Alexanderson, Simon and Beskow, Jonas},
title = {Diffusion-Based Co-Speech Gesture Generation Using Joint Text and Audio Representation},
year = {2023},
isbn = {9798400700552},
url = {https://doi.org/10.1145/3577190.3616117},
doi = {10.1145/3577190.3616117},
booktitle = {Proceedings of the 25th International Conference on Multimodal Interaction},
pages = {755–762},
numpages = {8},
series = {ICMI '23}
}

@inproceedings{robotlearnsocialskills2019,
author = {Yoon, Youngwoo and Ko, Woo-Ri and Jang, Minsu and Lee, Jaeyeon and Kim, Jaehong and Lee, Geehyuk},
title = {Robots Learn Social Skills: End-to-End Learning of Co-Speech Gesture Generation for Humanoid Robots},
year = {2019},
url = {https://doi.org/10.1109/ICRA.2019.8793720},
doi = {10.1109/ICRA.2019.8793720},
booktitle = {2019 International Conference on Robotics and Automation (ICRA)},
pages = {4303–4309},
numpages = {7}
}

@InProceedings{DiffTED2024,
    author    = {Hogue, Steven and Zhang, Chenxu and Daruger, Hamza and Tian, Yapeng and Guo, Xiaohu},
    title     = {DiffTED: One-shot Audio-driven TED Talk Video Generation with Diffusion-based Co-speech Gestures},
    booktitle = {Proceedings of the IEEE/CVF Conference on Computer Vision and Pattern Recognition (CVPR) Workshops},
    month     = {June},
    year      = {2024},
    pages     = {1922-1931}
}

@InProceedings{AMUSE2024,
    author    = {Chhatre, Kiran and Daněček, Radek and Athanasiou, Nikos and Becherini, Giorgio and Peters, Christopher and Black, Michael J. and Bolkart, Timo},
    title     = {{AMUSE}: Emotional Speech-driven {3D} Body Animation via Disentangled Latent Diffusion},
    booktitle = {Proceedings of the IEEE/CVF Conference on Computer Vision and Pattern Recognition (CVPR)},
    month     = {June},
    year      = {2024},
    pages     = {1942-1953},
    url = {https://amuse.is.tue.mpg.de},
}

@article{zhang2024SemanticGesticulator,
  title={Semantic Gesticulator: Semantics-Aware Co-Speech Gesture Synthesis},
  author={Zhang, Zeyi and Ao, Tenglong and Zhang, Yuyao and Gao, Qingzhe and Lin, Chuan and Chen, Baoquan and Liu, Libin},
  journal={ACM Transactions on Graphics (TOG)},
  volume={43},
  number={4},
  pages={1--17},
  year={2024},
  publisher={ACM New York, NY, USA}
}

@inproceedings{gesticulator2020,
  title={Gesticulator: A framework for semantically-aware speech-driven gesture generation},
  author={Kucherenko, Taras and Jonell, Patrik and van Waveren, Sanne and Henter, Gustav Eje and Alexanderson, Simon and Leite, Iolanda and Kjellstr{\"o}m, Hedvig},
  booktitle={Proceedings of the ACM International Conference on Multimodal Interaction},
  year={2020}
}

@misc{adam2017,
      title={Adam: A Method for Stochastic Optimization}, 
      author={Diederik P. Kingma and Jimmy Ba},
      year={2017},
      eprint={1412.6980},
      archivePrefix={arXiv},
      primaryClass={cs.LG},
      url={https://arxiv.org/abs/1412.6980}, 
}
@misc{AppleARKitTrackingGuide,
  author    = {Károly Nyisztor},
  title     = {Introduction to Augmented Reality with ARKit},
  year      = {2019},
  url = {https://www.pluralsight.com/resources/blog/guides/introduction-to-augmented-reality-with-arkit},
}
@inproceedings{LatinSquareToolkit,
  author    = {Valentin Schwind and Stefan Resch and Jessica Sehrt},
  title     = {The HCI User Studies Toolkit: Supporting Study Designing and Planning for Undergraduates and Novice Researchers in Human-Computer Interaction},
  booktitle = {Extended Abstracts of the 2023 CHI Conference on Human Factors in Computing Systems (CHI EA '23)},
  year      = {2023},
  pages     = {7},
  publisher = {ACM},
  doi       = {10.1145/3544549.3585890}
}

@misc{ozel_arkit_facs_cheatsheet,
  author       = {Melinda Ozel},
  title        = {ARKit to FACS Cheat Sheet},
  year         = {2025},
  url          = {https://melindaozel.com/arkit-to-facs-cheat-sheet/},
  year         = {2022}
}

@book{mcneill_1992_hand,
  author    = {David McNeill},
  title     = {Hand and Mind: What Gestures Reveal about Thought},
  year      = {1992},
  publisher = {University of Chicago Press},
  address   = {Chicago, IL},
  isbn      = {9780226561325}
}

@book{kendon_2004_gesture,
  author    = {Adam Kendon},
  title     = {Gesture: Visible Action as Utterance},
  year      = {2004},
  publisher = {Cambridge University Press},
  address   = {Cambridge, UK},
  isbn      = {9780521542937}
}

@inproceedings{ginosar2019speech2gesture,
  author    = {Shiry Ginosar and Amir Bar and Gefen Kohavi and Caroline Chan and Andrew Owens and Jitendra Malik},
  title     = {Learning Individual Styles of Conversational Gesture},
  booktitle = {Proceedings of the IEEE/CVF Conference on Computer Vision and Pattern Recognition (CVPR)},
  year      = {2019},
  pages     = {3497--3506},
  url       = {https://openaccess.thecvf.com/content_CVPR_2019/papers/Ginosar_Learning_Individual_Styles_of_Conversational_Gesture_CVPR_2019_paper.pdf},
  doi       = {}
}

@inproceedings{alexanderson2020stylegestures,
  author    = {Simon Alexanderson and Gustav Eje Henter and Taras Kucherenko and Jonas Beskow},
  title     = {Style-Controllable Speech-Driven Gesture Synthesis Using Normalising Flows},
  booktitle = {Computer Graphics Forum (Proc. Eurographics)},
  year      = {2020},
  pages     = {487--496},
  url       = {https://people.kth.se/~ghe/pubs/pdf/alexanderson2020style.pdf},
  doi       = {}
}

@article{kucherenko2021movingfastslow,
  author  = {Taras Kucherenko and Jonas Beskow and Hedvig Kjellstr{\"o}m and Gustav Eje Henter},
  title   = {Moving Fast and Slow: Analysis of Representations and Post-processing in Speech-Driven Gesture Generation},
  journal = {arXiv preprint arXiv:2107.12305},
  year    = {2021},
  url     = {https://people.kth.se/~ghe/pubs/pdf/kucherenko2021moving.pdf}
}

@article{kucherenko2021predictability,
  author  = {Taras Kucherenko and Ivan Habernal and Jonas Beskow and Michael Neff and Gustav Eje Henter},
  title   = {Multimodal Analysis of the Predictability of Hand-Gesture Properties},
  journal = {Frontiers in Computer Science},
  volume  = {3},
  pages   = {10},
  year    = {2021},
  url     = {https://web.cs.ucdavis.edu/~neff/papers/kucherenko2021hand_propert_predictability_final.pdf},
  doi     = {}
}

@article{busso2007rigidheadmotion,
  author  = {Carlos Busso and Zhigang Deng and Michael Grimm and Ulrich Neumann and Shrikanth Narayanan},
  title   = {Rigid Head Motion in Expressive Speech Animation: Analysis and Synthesis},
  journal = {IEEE Transactions on Audio, Speech, and Language Processing},
  volume  = {15},
  number  = {3},
  pages   = {1075--1086},
  year    = {2007},
  url     = {https://msp.utdallas.edu/publications/Busso_2007.pdf},
  doi     = {}
}

@inproceedings{yoon2020speechgesturebert,
  author    = {Youngwoo Yoon and Seokhyun Kim and Jaeyeon Lee and Taehwan Kim and Gerard Pons-Moll and Jinwook Kim},
  title     = {Speech Gesture Generation from the Trimodal Context of Text, Audio, and Speaker Identity},
  booktitle = {Proceedings of the 2020 ACM International Conference on Multimodal Interaction (ICMI)},
  year      = {2020},
  pages     = {22--30},
  doi       = {10.1145/3382507.3418838},
  url       = {https://dl.acm.org/doi/10.1145/3382507.3418838}
}

@inproceedings{alexanderson2023diffgesture,
  author    = {Simon Alexanderson and Taras Kucherenko and Gustav Eje Henter and Jonas Beskow},
  title     = {DiffGesture: Diffusion-based Co-Speech Gesture Generation},
  booktitle = {Proceedings of the 23rd ACM International Conference on Intelligent Virtual Agents (IVA 2023)},
  year      = {2023},
  pages     = {1--8},
  doi       = {10.1145/3570945.3607282},
  url       = {https://dl.acm.org/doi/10.1145/3570945.3607282}
}

@inproceedings{AMASS:2019,
  title={AMASS: Archive of Motion Capture as Surface Shapes},
  author={Mahmood, Naureen and Ghorbani, Nima and Troje, Nikolaus F. and Pons-Moll, Gerard and Black, Michael J.},
  booktitle={Proceedings of the IEEE/CVF International Conference on Computer Vision (ICCV)},
  year={2019},
  pages={5442--5451}
}

@article{SMPL:2015,
  title={SMPL: A Skinned Multi-Person Linear Model},
  author={Loper, Matthew and Mahmood, Naureen and Romero, Javier and Pons-Moll, Gerard and Black, Michael J.},
  journal={ACM Transactions on Graphics (TOG)},
  volume={34},
  number={6},
  pages={248:1--248:16},
  year={2015},
  publisher={ACM}
}

@inproceedings{GleicherRetargetting1998,
  author    = {Michael Gleicher},
  title     = {Retargetting Motion to New Characters},
  booktitle = {Proceedings of the 25th Annual Conference on Computer Graphics & Interactive Techniques (SIGGRAPH ’98)},
  pages     = {33--42},
  year      = {1998},
  publisher = {ACM},
}

@inproceedings{MartinelliSkeleton-AwareRetargeting2024,
  author    = {Giulia Martinelli and Nicola Garau and Niccoló Bisagno and Nicola Conci},
  title     = {Skeleton-Aware Motion Retargeting Using Masked Pose Modeling},
  booktitle = {European Conference on Computer Vision (ECCV) Workshops, LNCS 15624},
  pages     = {287--303},
  year      = {2024},
  publisher = {Springer},
}

@book{EkmanFriesenFACS1978,
  author    = {Paul Ekman and Wallace V. Friesen},
  title     = {Facial Action Coding System: A Technique for the Measurement of Facial Movement},
  year      = {1978},
  publisher = {Consulting Psychologists Press},
  address   = {Palo Alto, California}
}

@article{hadar_1989_headmovement,
  author    = {Hadar, Uri and Butterworth, Brian},
  title     = {Iconic gestures, imagery, and word retrieval in speech},
  journal   = {Semiotica},
  volume    = {75},
  number    = {1/2},
  year      = {1989},
  pages     = {63--83}
}

@article{esteve2017timing,
  title     = {The timing of head movements: The role of prosodic heads and edges},
  author    = {Esteve-Gibert, Núria and Prieto, Pilar and Pons, Xavier and Lœvenbruck, Hélène},
  journal   = {The Journal of the Acoustical Society of America},
  volume    = {141},
  number    = {6},
  pages     = {4727--4739},
  year      = {2017},
  doi       = {10.1121/1.4986649},
  publisher = {Acoustical Society of America}
}